@misc{GPCC:2022,
  doi       = {10.5676/DWD_GPCC/FD_M_V2022_100},
  author    = {Schneider,  U. and H\"{a}nsel,  S. and Finger,  P. and Rustemeier,  E. and Ziese,  M.},
  title     = {GPCC Full Data Monthly Version 2022 at 1.0°: Monthly Land-Surface Precipitation from Rain-Gauges built on GTS-based and Historic Data},
  publisher = {Global Precipitation Climatology Centre (GPCC) at Deutscher Wetterdienst},
  year      = {2022}
}

@article{Lucas2020,
  doi       = {10.3390/w13010002},
  year      = {2020},
  month     = dec,
  publisher = {{MDPI} {AG}},
  volume    = {13},
  number    = {1},
  pages     = {2},
  author    = {Murilo Cesar Lucas and Natalya Kublik and Dulce B. B. Rodrigues and Antonio A. \text{Meira Neto} and Andr{\'{e}} Almagro and Davi de C. D. Melo and Samuel C. Zipper and Paulo Tarso Sanches Oliveira},
  title     = {Significant Baseflow Reduction in the Sao Francisco River Basin},
  journal   = {Water}
}

@article{Shukla2008,
  doi       = {10.1029/2007gl032487},
  year      = {2008},
  month     = jan,
  publisher = {American Geophysical Union ({AGU})},
  volume    = {35},
  number    = {2},
  author    = {Shraddhanand Shukla and Andrew W. Wood},
  title     = {Use of a standardized runoff index for characterizing hydrologic drought},
  journal   = {Geophysical Research Letters}
}

@inproceedings{mckee1993,
  title        = {The relationship of drought frequency and duration to time scales},
  author       = {McKee, Thomas B and Doesken, Nolan J and Kleist, John and others},
  booktitle    = {Proceedings of the 8th Conference on Applied Climatology},
  volume       = {17},
  number       = {22},
  pages        = {179--183},
  year         = {1993},
  organization = {Boston}
}

@article{Mishra2007,
  doi       = {10.1007/s00477-007-0194-2},
  year      = {2007},
  month     = oct,
  publisher = {Springer Science and Business Media {LLC}},
  volume    = {23},
  number    = {1},
  pages     = {41--55},
  author    = {A. K. Mishra and V. P. Singh and V. R. Desai},
  title     = {Drought characterization: a probabilistic approach},
  journal   = {Stochastic Environmental Research and Risk Assessment}
}

@article{Estacio2022,
  doi     = {10.5380/abclima.v28i0.77590},
  year    = {2021},
  volume  = {28},
  number  = {17},
  pages   = {471--493},
  author  = {A. B. S. Estácio and S. M. O. Silva and F. A. \text{Souza Filho}},
  title   = {Statistical uncertainty in Drought Forecasting using Markov Chains and the Standard Precipitation Index (SPI)},
  journal = {Revista Brasileira de Climatologia}
}

@book{Blitzstein2014,
  doi       = {10.1201/b17221},
  year      = {2014},
  month     = jul,
  publisher = {Chapman and Hall/{CRC}},
  author    = {Joseph K. Blitzstein and Jessica Hwang},
  title     = {Introduction to Probability}
}

@techreport{Pimentel2022,
  url         = {https://ainfo.cnptia.embrapa.br/digital/bitstream/item/87973/1/BPD-201-Mudanca-uso-Oeste-Bahia.pdf},
  year        = {2011},
  author      = {M. L. Pimentel and T. C. L. Souza and G. S. G. Távora and A. P. D. Turetta},
  publisher   = {Embrapa Solos},
  title       = {Mudanças de uso da terra e expansão da agricultura no Oeste da Bahia},
  pages       = {1--27},
  series      = {Embrapa Solos. Boletim de pesquisa e desenvolvimento, 201},
  institution = {Embrapa}
}

@article{Verma2016,
  doi       = {10.1007/s13201-016-0486-0},
  year      = {2016},
  month     = nov,
  publisher = {Springer Science and Business Media {LLC}},
  volume    = {7},
  number    = {3},
  pages     = {1283--1293},
  author    = {Ravindra Kumar Verma and Shankar Murthy and Sangeeta Verma and Surendra Kumar Mishra},
  title     = {Design flow duration curves for environmental flows estimation in Damodar River Basin,  India},
  journal   = {Applied Water Science}
}

@article{Abreu2022,
  doi       = {10.1016/j.pce.2022.103133},
  year      = {2022},
  month     = jun,
  publisher = {Elsevier {BV}},
  volume    = {126},
  pages     = {103133},
  author    = {Marcel Carvalho Abreu and Micael de Souza Fraga and Laura Thebit de Almeida and Felipe Bernardes Silva and Roberto Avelino Cec{\'{\i}}lio and Gustavo Bastos Lyra and Rafael Coll Delgado},
  title     = {Streamflow in the Sapuca{\'{\i}} River watershed,  Brazil: Probabilistic modeling,  reference streamflow,  and regionalization},
  journal   = {Physics and Chemistry of the Earth,  Parts A/B/C}
}

@article{Reilly2003,
  doi       = {10.1029/2002wr001740},
  year      = {2003},
  month     = sep,
  publisher = {American Geophysical Union ({AGU})},
  volume    = {39},
  number    = {9},
  author    = {Christine F. Reilly and Charles N. Kroll},
  title     = {Estimation of 7-day,  10-year low-streamflow statistics using baseflow correlation},
  journal   = {Water Resources Research}
}

@article{Lima2022,
  doi       = {10.3390/su141912176},
  year      = {2022},
  month     = sep,
  publisher = {{MDPI} {AG}},
  volume    = {14},
  number    = {19},
  pages     = {12176},
  author    = {Carlos Eduardo Sousa Lima and Marx Vinicius Maciel da Silva and Sofia Midauar Godim Rocha and Cleiton da Silva Silveira},
  title     = {Anthropic Changes in Land Use and Land Cover and Their Impacts on the Hydrological Variables of the S{\~{a}}o Francisco River Basin,  Brazil},
  journal   = {Sustainability}
}

@article{Wang2023,
  doi       = {10.1016/j.jhydrol.2023.129273},
  year      = {2023},
  month     = apr,
  publisher = {Elsevier {BV}},
  volume    = {619},
  pages     = {129273},
  author    = {Yaping Wang and Shuai Wang and Yanqiang Chen and Fei Wang and Yanxu Liu and Wenwu Zhao},
  title     = {Anthropogenic drought in the Yellow River basin: Multifaceted and weakening connections between meteorological and hydrological droughts},
  journal   = {Journal of Hydrology}
}

@article{AghaKouchak2021,
  doi       = {10.1029/2019rg000683},
  year      = {2021},
  month     = apr,
  publisher = {American Geophysical Union ({AGU})},
  volume    = {59},
  number    = {2},
  author    = {Amir AghaKouchak and Ali Mirchi and Kaveh Madani and Giuliano Di Baldassarre and Ali Nazemi and Aneseh Alborzi and Hassan Anjileli and Marzi Azarderakhsh and Felicia Chiang and Elmira Hassanzadeh and Laurie S. Huning and Iman Mallakpour and Alexandre Martinez and Omid Mazdiyasni and Hamed Moftakhari and Hamid Norouzi and Mojtaba Sadegh and Dalal Sadeqi and Anne F. Van Loon and Niko Wanders},
  title     = {Anthropogenic Drought: Definition,  Challenges,  and Opportunities},
  journal   = {Reviews of Geophysics}
}

@article{VanLoon2016,
  doi       = {10.5194/hess-20-3631-2016},
  year      = {2016},
  month     = sep,
  publisher = {Copernicus {GmbH}},
  volume    = {20},
  number    = {9},
  pages     = {3631--3650},
  author    = {Anne F. \text{Van Loon} and Kerstin Stahl and Giuliano Di Baldassarre and Julian Clark and Sally Rangecroft and Niko Wanders and Tom Gleeson and Albert I. J. M. Van Dijk and Lena M. Tallaksen and Jamie Hannaford and Remko Uijlenhoet and Adriaan J. Teuling and David M. Hannah and Justin Sheffield and Mark Svoboda and Boud Verbeiren and Thorsten Wagener and Henny A. J. Van Lanen},
  title     = {Drought in a human-modified world: reframing drought definitions, 
               understanding,  and analysis approaches},
  journal   = {Hydrology and Earth System Sciences}
}
@article{Mishra2010,
  doi = {10.1016/j.jhydrol.2010.07.012},
  year = {2010},
  month = sep,
  publisher = {Elsevier {BV}},
  volume = {391},
  number = {1-2},
  pages = {202--216},
  author = {Ashok K. Mishra and Vijay P. Singh},
  title = {A review of drought concepts},
  journal = {Journal of Hydrology}
}
@article{Xu2019,
  doi = {10.1016/j.jhydrol.2019.124147},
  year = {2019},
  month = dec,
  publisher = {Elsevier {BV}},
  volume = {579},
  pages = {124147},
  author = {Yang Xu and Xuan Zhang and Xiao Wang and Zengchao Hao and Vijay P. Singh and Fanghua Hao},
  title = {Propagation from meteorological drought to hydrological drought under the impact of human activities: A case study in northern China},
  journal = {Journal of Hydrology}
}